<record><leader>00000cas a22000007a 4500</leader><controlfield tag="001">11616821</controlfield><controlfield tag="008">850124d19721981nyuwr ne      0    0eng d</controlfield><datafield ind1=" " ind2=" " tag="010"><subfield code="a">sn 85054114 </subfield></datafield><datafield ind1=" " ind2=" " tag="040"><subfield code="a">NYG</subfield><subfield code="b">eng</subfield><subfield code="c">NYG</subfield><subfield code="d">NYS</subfield><subfield code="d">OCLCQ</subfield><subfield code="d">NYG</subfield><subfield code="d">OCLCF</subfield></datafield><datafield ind1="1" ind2=" " tag="029"><subfield code="a">AU@</subfield><subfield code="b">000020348773</subfield></datafield><datafield ind1=" " ind2=" " tag="042"><subfield code="a">msc</subfield></datafield><datafield ind1="0" ind2="0" tag="245"><subfield code="a">Patriot and free press.</subfield></datafield><datafield ind1="1" ind2="3" tag="246"><subfield code="a">Patriot &amp; free press</subfield></datafield><datafield ind1=" " ind2=" " tag="250"><subfield code="a">Cuba ed.</subfield></datafield><datafield ind1=" " ind2=" " tag="260"><subfield code="a">Cuba, N.Y. :</subfield><subfield code="b">David H. Crowley</subfield></datafield><datafield ind1=" " ind2=" " tag="300"><subfield code="a">v. :</subfield><subfield code="b">ill.</subfield></datafield><datafield ind1=" " ind2=" " tag="310"><subfield code="a">Weekly</subfield></datafield><datafield ind1="0" ind2=" " tag="362"><subfield code="a">Vol. 109, no. 40 (Oct. 4, 1972)-v. 118, no. 4 (Jan. 28, 1981).</subfield></datafield><datafield ind1=" " ind2=" " tag="500"><subfield code="a">Published every Wednesday.</subfield></datafield><datafield ind1=" " ind2=" " tag="530"><subfield code="a">Also issued on microfilm from the Southern Tier Library System.</subfield></datafield><datafield ind1=" " ind2="0" tag="651"><subfield code="a">Cuba (N.Y.)</subfield><subfield code="v">Newspapers.</subfield></datafield><datafield ind1=" " ind2="0" tag="651"><subfield code="a">Allegany County (N.Y.)</subfield><subfield code="v">Newspapers.</subfield></datafield><datafield ind1=" " ind2="7" tag="655"><subfield code="a">Newspapers.</subfield><subfield code="2">fast</subfield><subfield code="0">(OCoLC)fst01423814</subfield></datafield><datafield ind1=" " ind2="7" tag="651"><subfield code="a">New York (State)</subfield><subfield code="z">Allegany County.</subfield><subfield code="2">fast</subfield><subfield code="0">(OCoLC)fst01221766</subfield></datafield><datafield ind1=" " ind2="7" tag="651"><subfield code="a">New York (State)</subfield><subfield code="z">Cuba.</subfield><subfield code="2">fast</subfield><subfield code="0">(OCoLC)fst01221668</subfield></datafield><datafield ind1=" " ind2=" " tag="752"><subfield code="a">United States</subfield><subfield code="b">New York</subfield><subfield code="c">Allegany</subfield><subfield code="d">Cuba.</subfield></datafield><datafield ind1="0" ind2="1" tag="780"><subfield code="t">Cuba patriot (Cuba, N.Y. : 1962)</subfield><subfield code="w">(DLC)sn 85054092</subfield><subfield code="w">(OCoLC)11655907</subfield></datafield><datafield ind1="0" ind2="0" tag="785"><subfield code="t">Cuba patriot and free press (Cuba, N.Y. : 1981)</subfield><subfield code="w">(DLC)sn 84009881</subfield><subfield code="w">(OCoLC)10453262</subfield></datafield></record>